<?xml version="1.0" encoding="UTF-8"?><collection xmlns="http://www.loc.gov/MARC21/slim"><record><leader>00481nam--2200145-i-4500</leader><controlfield tag="001">000008657</controlfield><controlfield tag="002">20161230</controlfield><controlfield tag="005">20161230201027</controlfield><controlfield tag="008">060222s1000------------r-----000-0-eng-d</controlfield><datafield ind1=" " ind2=" " tag="080"><subfield code="a">539.12.08</subfield></datafield><datafield ind1=" " ind2=" " tag="100"><subfield code="a">Adams, N</subfield></datafield><datafield ind1=" " ind2=" " tag="245"><subfield code="a">Dose-rate distributions from spherical and spherical-shell radiation sources, with special reference to fish eggs in radioactive media</subfield></datafield><datafield ind1=" " ind2=" " tag="260"><subfield code="a">Harwell, United Kingdom Atomic Energy Autho- Rity, 1968 14 P. + 5 Figuri</subfield></datafield><datafield ind1=" " ind2=" " tag="490"><subfield code="a">87</subfield></datafield><datafield ind1=" " ind2=" " tag="852"><subfield code="a">29542</subfield></datafield></record></collection>